@online{twi,
    author = "TWI-Global",
    title = "Hot Tapping",
    url  = "https://www.twi-global.com/technical-knowledge/faqs/faq-what-is-hot-tapping",
}

@inproceedings{bruce2006comparison,
  title={Comparison of methods for predicting safe parameters for welding onto in-service pipelines},
  author={Bruce, William A and Boring, Matthew A},
  booktitle={International Pipeline Conference},
  volume={42630},
  pages={283--296},
  year={2006}
}
@inproceedings{cheng2004weld,
  title={Weld microstructure and hardness prediction for in-service hot-tap welds},
  author={Cheng, Wentao and Wang, Yong-Yi and Amend, William and Swatzel, Jim},
  booktitle={International Pipeline Conference},
  volume={41766},
  pages={1563--1572},
  year={2004}
}
@inproceedings{mazurovsky2003phenomenological,
  title={The phenomenological model of non-equilibrium crystallization and strengthening-phase-formation processes in the weld},
  author={Mazurovsky, V and Zinigrad, M and Zinigrad, A and Leontiev, L and Lisin, V},
  booktitle={Proceedings of the Bi-National Israeli-Russian Workshop, Jerusalem, Israel},
  pages={155--167},
  year={2003}
}
@article{babu2001modeling,
  title={Modeling microstructure development in self-shielded flux cored arc welds},
  author={Babu, SS and David, S and Quintana, MA},
  journal={WELDING JOURNAL-NEW YORK-},
  volume={80},
  number={4},
  pages={91S--97S},
  year={2001}
}

@article{henwood1988coupled,
  title={Coupled transient heat transferâ€”microstructure weld computations (Part B)},
  author={Henwood, C and Bibby, M and Goldak, J and Watt, D},
  journal={Acta Metallurgica},
  volume={36},
  number={11},
  pages={3037--3046},
  year={1988},
  publisher={Elsevier}
}

@article{watt1988algorithm,
  title={An algorithm for modelling microstructural development in weld heat-affected zones (part a) reaction kinetics},
  author={Watt, DF and Coon, L and Bibby, M and Goldak, J and Henwood, C},
  journal={Acta Metallurgica},
  volume={36},
  number={11},
  pages={3029--3035},
  year={1988},
  publisher={Elsevier}
}

@article{li1998computational,
  title={A computational model for the prediction of steel hardenability},
  author={Li, M Victor and Niebuhr, David V and Meekisho, Lemmy L and Atteridge, David G},
  journal={Metallurgical and Materials transactions B},
  volume={29},
  number={3},
  pages={661--672},
  year={1998},
  publisher={Springer}
}

@article{goldak1984new,
  title={A new finite element model for welding heat sources},
  author={Goldak, John and Chakravarti, Aditya and Bibby, Malcolm},
  journal={Metallurgical transactions B},
  volume={15},
  number={2},
  pages={299--305},
  year={1984},
  publisher={Springer}
}

@article{lindgren2006numerical,
  title={Numerical modelling of welding},
  author={Lindgren, L-E},
  journal={Computer methods in applied mechanics and engineering},
  volume={195},
  number={48-49},
  pages={6710--6736},
  year={2006},
  publisher={Elsevier}
}
@article{deng2006numerical,
  title={Numerical simulation of temperature field and residual stress in multi-pass welds in stainless steel pipe and comparison with experimental measurements},
  author={Deng, Dean and Murakawa, Hidekazu},
  journal={Computational materials science},
  volume={37},
  number={3},
  pages={269--277},
  year={2006},
  publisher={Elsevier}
}
@article{gery2005effects,
  title={Effects of welding speed, energy input and heat source distribution on temperature variations in butt joint welding},
  author={Gery, D and Long, H and Maropoulos, P},
  journal={Journal of materials processing technology},
  volume={167},
  number={2-3},
  pages={393--401},
  year={2005},
  publisher={Elsevier}
}
@book{nagy2018basic,
  title={Basic equations of mass transport through a membrane layer},
  author={Nagy, Endre},
  year={2018},
  publisher={Elsevier}
}
@article{zhang2006unified,
  title={Unified model of heat transfer in gas-liquid pipe flow},
  author={Zhang, Hong-Quan and Wang, Qian and Sarica, Cem and Brill, James P},
  journal={SPE Production \& Operations},
  volume={21},
  number={01},
  pages={114--122},
  year={2006},
  publisher={OnePetro}
}
@article{ghajar2010importance,
  title={Importance of non-boiling two-phase flow heat transfer in pipes for industrial applications},
  author={Ghajar, Afshin J and Tang, Clement C},
  journal={Heat Transfer Engineering},
  volume={31},
  number={9},
  pages={711--732},
  year={2010},
  publisher={Taylor \& Francis}
}
@article{kim2002heat,
  title={Heat transfer measurements and correlations for air--water flow of different flow patterns in a horizontal pipe},
  author={Kim, Dongwoo and Ghajar, Afshin J},
  journal={Experimental Thermal and Fluid Science},
  volume={25},
  number={8},
  pages={659--676},
  year={2002},
  publisher={Elsevier}
}
@article{kim1999comparison,
  title={Comparison of 20 two-phase heat transfer correlations with seven sets of experimental data, including flow pattern and tube inclination effects},
  author={Kim, Dongwoo and Ghajar, Afshin J and Dougherty, Ronald L and Ryali, Venkata K},
  journal={Heat Transfer Engineering},
  volume={20},
  number={1},
  pages={15--40},
  year={1999},
  publisher={Taylor \& Francis}
}

@article{fisher1996efficient,
  title={Efficient heat transfer approximation for the chip-on-substrate problem},
  author={Fisher, Timothy S and Zell, FA and Sikka, Kamal K and Torrance, Kenneth E},
  year={1996}
}

@article{xue2007numerical,
  title={Numerical simulation of in-service welding of a pressurized pipeline},
  author={Xue, XiaoLong and Sang, ZhiFu and Zhu, JiaGui and Widera, GEO},
  year={2007}
}

@article{lobanov2013formation,
  title={Formation of cold cracks in welded joints from high-strength steels with 350--850 MPa yield strength},
  author={Lobanov, LM and Poznyakov, VD and Makhnenko, OV},
  journal={The Paton Welding J},
  volume={7},
  pages={7--12},
  year={2013}
}
@article{kasuya1997stefan,
  title={Stefan problem for a finite liquid phase and its application to laser or electron beam welding},
  author={Kasuya, Tadashi and Shimoda, Nobuyuki},
  journal={Journal of applied physics},
  volume={82},
  number={8},
  pages={3672--3678},
  year={1997},
  publisher={American Institute of Physics}
}

@article{pham1995comparison,
  title={Comparison of general-purpose finite-element methods for the Stefan problem},
  author={Pham, QT},
  journal={Numerical Heat Transfer},
  volume={27},
  number={4},
  pages={417--435},
  year={1995},
  publisher={Taylor \& Francis}
}

@article{morgan1978improved,
  title={An improved algrorithm for heat conduction problems with phase change},
  author={Morgan, K and Lewis, RW and Zienkiewicz, OC},
  journal={International Journal for Numerical Methods in Engineering},
  volume={12},
  number={7},
  pages={1191--1195},
  year={1978},
  publisher={Wiley Online Library}
}